@Misc{name1, 
	howpublished = {\url{https://www.bnext.com.tw/article/38740/BN-2016-02-22-183726-196}},
	note = {1}, 
	title = {解讀Google的人工智慧圍棋「大腦」}, 
	author = {}
 }
@Misc{name2, 
	howpublished = {\url{
	https://phd.com.tw/knowledge/app-dev/web-app/
	}
	},
	note = {}, 
	title = {Web App 的定義}, 
	author = {}
}
@Misc{name3, 
	howpublished = {\url{
	https://support.google.com/google-ads/answer/7336531?hl=zh-Hant
	}
	},
	note = {}, 
	title = {Progressive Web Apps 簡介}, 
	author = {}
}
@Misc{name4, 
	howpublished = {\url{
	http://coding-frenzy.arping.me/
	}
	},
	note = {}, 
	title = {瘋狂程設網站}, 
	author = {}
}
@Misc{name5, 
	howpublished = {\url{
	https://ndltd.ncl.edu.tw/cgi-bin/gs32/gsweb.cgi?o=dnclcdr&s=id=%22102MCU05392008%22.&searchmode=basic&extralimit=asc=%22%E9%8A%98%E5%82%B3%E5%A4%A7%E5%AD%B8%22&extralimitunit=%E9%8A%98%E5%82%B3%E5%A4%A7%E5%
	}
	},
	note = {}, 
	title = {瘋狂程設論文}, 
	author = {}
}
@Misc{name6, 
	howpublished = {\url{
	https://zh.wikipedia.org/wiki/%E7%B6%B2%E8%B7%AF%E7%88%AC%E8%9F%B2
	}
	},
	note = {}, 
	title = {網路爬蟲,wiki}, 
	author = {}
}
@Misc{name7, 
	howpublished = {\url{
	https://blog.techbridge.cc/2016/07/23/progressive-web-app/
	}
	},
	note = {}, 
	title = {Progressive Web App}, 
	author = {}
}
@Misc{name8, 
	howpublished = {\url{
	https://zh.wikipedia.org/wiki/%E7%BD%91%E7%BB%9C%E5%BA%94%E7%94%A8%E7%A8%8B%E5%BA%8F
	}
	},
	note = {}, 
	title = {網路應用程式,wiki}, 
	author = {}
}
@Misc{name9, 
	howpublished = {\url{
	https://zh.wikipedia.org/wiki/HTML5
	}
	},
	note = {}, 
	title = {HTML5,wiki}, 
	author = {}
}
@Misc{name10, 
	howpublished = {\url{
	https://zh.wikipedia.org/wiki/%E5%B1%82%E5%8F%A0%E6%A0%B7%E5%BC%8F%E8%A1%A8
	}
	},
	note = {}, 
	title = {階層式樣式表,wiki}, 
	author = {}
}
@Misc{name11, 
	howpublished = {\url{
	https://zh.wikipedia.org/wiki/JavaScript
	}
	},
	note = {}, 
	title = {JavaScript,wiki}, 
	author = {}
}
@Misc{name12, 
	howpublished = {\url{
	https://vuejs.org/
	}
	},
	note = {}, 
	title = {vue.js}, 
	author = {}
}
@Misc{name13, 
	howpublished = {\url{
	https://zh.wikipedia.org/wiki/Vue.js
	}
	},
	note = {}, 
	title = {vue,wiki}, 
	author = {}
}
@Misc{name14, 
	howpublished = {\url{
	https://jquery.com/
	}
	},
	note = {}, 
	title = {jquery}, 
	author = {}
}
@Misc{name15, 
	howpublished = {\url{
	https://zh.wikipedia.org/wiki/JQuery
	}
	},
	note = {}, 
	title = {jquery,wiki}, 
	author = {}
}
@Misc{name16, 
	howpublished = {\url{
	https://zh.wikipedia.org/wiki/%E4%BA%BA%E5%B7%A5%E7%A5%9E%E7%BB%8F%E7%BD%91%E7%BB%9C
	}
	},
	note = {}, 
	title = {AI.wiki}, 
	author = {}
}
@Misc{name17, 
	howpublished = {\url{
	https://www.tensorflow.org/
	}
	},
	note = {}, 
	title = {tensorflow}, 
	author = {}
}
@Misc{name18, 
	howpublished = {\url{
	https://zh.wikipedia.org/wiki/TensorFlow
	}
	},
	note = {}, 
	title = {tensorflow,wiki}, 
	author = {}
}
@Misc{name19, 
	howpublished = {\url{
	https://colab.research.google.com/notebooks/welcome.ipynb#scrollTo=5fCEDCU_qrC0
	}
	},
	note = {}, 
	title = {colab}, 
	author = {}
}
@Misc{name20, 
	howpublished = {\url{
	https://ithelp.ithome.com.tw/articles/10209476?sc=iThelpR
	}
	},
	note = {}, 
	title = {定時器使用方式及運作機制}, 
	author = {}
}
@Misc{name21, 
	howpublished = {\url{
	http://jsfiddle.net/no2don/kp50Lqnh/1/?utm_source=website&utm_medium=embed&utm_campaign=kp50Lqnh
	}
	},
	note = {}, 
	title = {chart}, 
	author = {}
}